%https://en.wikibooks.org/wiki/LaTeX/Bibliography_Management


@misc{SleepInAmerica,
    key             = {SleepInAmerica},
    author          = {{National Sleep Foundation}},
	title			= {{2011 Sleep in America Poll}},
	howpublished    = {\url{https://sleepfoundation.org/sites/default/files/sleepinamericapoll/SIAP_2011_Summary_of_Findings.pdf}}
}

@techreport{DrowsyDrivingReport,
    author    = {{Joy Mara, Mary Carskadon, David Dinges, Lynn Butler, Nick Teare, Toben Nelson, Nancy Isaac, Kathy Rechen, Donald Cunningham and Wendel Schneider}},
    title     = {{Drowsy Driving and Automobile Crashes - Report and Recommendations}},
    institution = {{National Highway Traffic Safety Administration}},
    year      = "1998"
}

@misc{NHTSA,
    key             = {NHTSA},
    author          = {{NHTSA}},
	howpublished    = {\url{https://www.nhtsa.gov/risky-driving/drowsy-driving}}
}

@misc{OpenCV,
    key             = {OpenCV},
    title           = {{OpenCV}},
	howpublished    = {\url{https://opencv.org/}}
}

@misc{Dlib,
    key             = {Dlib},
    title           = {{Dlib}},
	howpublished    = {\url{http://dlib.net/}}
}

@misc{EAR,
    key             = {EAR},
    author          = {{Tereza Soukupova and Jan Cech}},
	title			= {{Real-Time Eye Blink Detection using Facial Landmarks}},
	howpublished    = {\url{https://vision.fe.uni-lj.si/cvww2016/proceedings/papers/05.pdf}}
}

@article{EEG,
	key		  = {EEG},
    author    = {{Z. Mardi, SN. Ashtiani, M. Mikaili}},
    title     = {{EEG-based drowsiness detection for safe driving using chaotic features and statistical tests}},
    journal   = {{Journal of medical signals and sensors}},
    pages     = {130-137},
    year      = {2011},
	howpublished = {\url{https://www.ncbi.nlm.nih.gov/pmc/articles/PMC3342623/}}
}

@article{SWM,
	key		  = {SWM},
    author    = {{J. Krajewski, D. Sommer, U. Trutschel, D. Edwards, M. Golz}},
    title     = {{Steering wheel behavior based estimation of fatigue}},
    journal   = {{The fifth international driving symposium on human factors in driver assessment, training and vehicle design}},
    pages     = {118-124},
    year      = {2009},
	howpublished = {\url{https://ir.uiowa.edu/drivingassessment/2009/papers/18/}}
}

@misc{Ford,
    key             = {Ford},
    author          = {{Ford}},
	title			= {{Ford Driver Alert}},
	howpublished    = {\url{https://preview.thenewsmarket.com/Previews/NCAP/DocumentAssets/220990.pdf}}
}

@misc{Skoda,
    key             = {Skoda},
    author          = {{Skoda}},
	title			= {{Skoda Safety-IBuzz Fatigue Alert}},
	howpublished    = {\url{https://drivetribe.com/p/skoda-safety-ibuzz-fatigue-alert-f43lX1BbTT2Mn-XhfC26jg?iid=edpNdXKnSauBalVAwrjNhQ}}
}

@misc{Bosch,
    key             = {Bosch},
    author          = {{Bosch}},
	title			= {{Driver drowsiness detection}},
	howpublished    = {\url{https://www.bosch-mobility-solutions.com/en/products-and-services/passenger-cars-and-light-commercial-vehicles/driver-assistance-systems/driver-drowsiness-detection/}}
}

@misc{Jaguar,
    key             = {Jaguar},
	title			= {{Jaguar Land Rover driver monitoring safety systems}},
	howpublished    = {\url{https://www.autocar.co.uk/car-news/new-cars/jaguar-land-rover-develops-driver-monitoring-safety-systems}}
}

@article{IEEE,
	key		  = {IEEE},
    author    = {{JBergasa L.M., Nuevo J., Sotelo M.A., Barea R., Lopez M.E.}},
    title     = {{Real-time system for monitoring driver vigilance}},
    journal   = {{IEEE Trans. Intell. Transport. Syst.}},
    pages     = {63-77},
    year      = {2006}
}
